@article{Hunterb,
author={Bailey, JV. and Webster, R. and Hunter, R. and Griffin, M. and Freemantle N. and Rait, G. and Estcourt, C. and Michie, S. and Anderson, J. and Stephenson, J. and Gerressu, M. and Sinag Ang, C. and Murray, E.},
year={2016},
title={The Men’s Safer Sex project: intervention
development and feasibility randomised
controlled trial of an interactive digital
intervention to increase condom use in men
},
journal={Health Technology Assessment},
volume={20},
pages={},
}
@article{Claxton,
author={Claxton, K. and Martin, S. and Soares, M. and Rice, N. and Spackman, E. and Hinde, S. and Devlin, N. and Smith, PC. and Sculpher, M.},
year={2015},
title={Methods for the estimation of the National
Institute for Health and Care Excellence
cost-effectiveness threshold
},
journal={Health Technology Assessment},
volume={19},
pages={},
}
@article{Meltzer,
author={Meltzer, MI.},
year={2001},
title={Introduction to health economics for physicians 
},
journal={Lancet},
volume={358},
pages={993-998},
}
@article{Black,
author={Black, WC.},
year={1990},
title={A Graphic Representation of Cost-Effectiveness
},
journal={Medical Decision Making},
volume={10},
pages={212-214},
}
@article{Briggsc,
author={Briggs, AH. and Gray, AM.},
year={1999},
title={Handling uncertainty when
performing economic evaluation
of healthcare interventions
},
journal={Health Technology Assessment},
volume={3},
pages={1-134},
}
@article{Gelmanp,
author={Gelman, A.},
year={2006},
title={Prior distributions for variance parameters in hierarchical models
},
journal={Bayesian Analysis},
volume={1},
pages={515-533},
}
@article{Stinnett,
author={Stinnett, AA. and Mullahy, J.},
year={1998},
title={A New Framework for the Analysis of Uncertainty in
Cost-Effectiveness Analysis
},
journal={Medical Decision Making},
volume={18},
pages={68-80},
}
@article{Koerkamp,
author={Koerkamp, BG. and Hunink, MGM. and Stijnen, T. and Hammitt, JK. and Kuntz, KM. and Weinstein, MC.},
year={2007},
title={Limitations of Acceptability Curves
for Presenting Uncertainty in
Cost-Effectiveness Analysis
},
journal={Medical Decision Making},
volume={27},
pages={101-111},
}
@article{VanHout,
author={Van Hout, BA. and Al, MJ. and Gordon, GS. and Rutten, FFH. and Kuntz, KM.},
year={1994},
title={Costs, Effects and C/E-Ratios Alongside a Clinical Trial 
},
journal={Health Economics},
volume={3},
pages={309-319},
}
@article{Sibbald,
author={Sibbald, B. and Roland, M.},
year={1998},
title={Understanding controlled trials: Why are
randomised controlled trials important? 
},
journal={BMJ},
volume={316},
pages={201},
}
@article{Noble,
author={Noble, SM. and Hollingworth, W. and Tilling, K.},
year={2012},
title={Missing data in trial-based cost-effectiveness analysis: the current state of play},
journal={Health Economics},
volume={21},
pages={187-200},
}
@article{White,
author={White, IR. and Carlin, JB.},
year={2010},
title={Bias and efficiency of multiple imputation compared with complete-case analysis for missing covariate values},
journal={Statistics in Medicine},
volume={29},
pages={2920-2931},
}
@article{Shao,
author={Shao, J. and Zhong, B.},
year={2010},
title={Last observation carry-forward and last observation analysis},
journal={Statistics in Medicine},
volume={22},
pages={2429-2441},
}
@article{VanBuuren,
author={Van Buuren, S. and Groothuis-Oudshoorn, K.},
year={2011},
title={mice: Multivariate Imputation by Chained
Equations in R},
journal={Journal of Statistical Software},
volume={45},
pages={1-67},
}
@article{Hunter,
author={Hunter, RM. and Baio, G. and Butt, T. and Morris, S. and Round, J. and Freemantle, N.},
year={2015},
title={An Educational Review of the Statistical Issues in Analysing
Utility Data for Cost-Utility Analysis
},
journal={PharmacoEconomics},
volume={33},
pages={355-366},
}
@article{Detsky,
author={Detsky, AS. and Naglie, IG. },
year={1990},
title={A Clinician's Guide to Cost-Effectiveness Analysis
},
journal={Annals of Internal Medicine},
volume={113},
pages={147-154},
}
@article{Littlea,
author={Little, RJA. and D’Agostino, R. and Dickersin, K. and Emerson, S.S. and Farrar, J.T. and Frangakis, C. and
Hogan, J.W. and Molenberghs, G. and Murphy, S.A. and Neaton, J.D. and Rotnitzky, A. and Scharfstein,
D. and Shih, W. and Siegel, J.P. and and Stern, H.},
year={2010},
title={The Prevention and Treatment of Missing Data in Clinical Trials. Panel on Handling
Missing Data in Clinical Trials},
journal={Committee on National Statistics, Division of Behavioral
and Social Sciences and Education},
volume={},
pages={},
}
@article{Manca,
author={Manca, A. and Hawkins, N. and Sculpher, MJ.},
year={2005},
title={Estimatingmean QALYs in trial-based cost-e¡ectiveness
analysis: the importance of controlling for baseline utility
},
journal={Health Economics},
volume={14},
pages={487-496},
}
@article{Graves,
author={Graves, N. and Walker, D. and Raine, R. and Hutchings, A. and Roberts, JA.},
year={2002},
title={Cost data for individual patients included in clinical studies: no amount of statistical analysis can compensate for inadequate costing method},
journal={Health Economics},
volume={11},
pages={735-739},
}
@article{Briggs,
author={Briggs, A. and Clark, T. and Wolstenholme, J. and Clarke, P.},
year={2003},
title={Missing…. presumed at random: cost-analysis of incomplete data},
journal={Health Economics},
volume={12},
pages={377-392},
}
@article{Oostenbrinkc,
author={Oostenbrink, JB. and Al, MJ. and Rutten-van Molken, PMH.},
year={2003},
title={Methods to Analyse Cost Data of
Patients Who Withdraw in a Clinical
Trial Setting},
journal={PharmacoEconomics},
volume={21},
pages={1003-1012},
}
@article{Oostenbrink,
author={Oostenbrink, JB. and Al, MJ.},
year={2005},
title={The analysis of incomplete costdata due to dropout},
journal={Health Economics},
volume={14},
pages={763-776},
}
@article{Burton,
author={Burton, A. and Billingham, LJ. and Bryan, S.},
year={2007},
title={Cost-effectiveness in clinical trials: using multiple imputation to deal with incomplete cost data},
journal={Clinical Trials},
volume={4},
pages={154-161},
}
@article{Lambert,
author={Lambert, PC. and Billingham, LJ. and Cooper, NJ. and Sutton, AJ. and Abrams, KR.},
year={2008},
title={Estimating the cost-effectiveness of an intervention in a clinical trial when partial cost information is available: a Bayesian approach},
journal={Health Economics},
volume={17},
pages={67-81},
}
@article{Groenwold,
author={Groenwold, RHH. and Rogier, A. and Donders, T. and Roes, KCB. and Harrell, FE. and Moons, KGM.},
year={2012},
title={Dealing With Missing Outcome Data in Randomized Trials and Observational Studies},
journal={American Journal of Epidemiology},
volume={175},
pages={210-217},
}
@article{Simons,
author={Simons, CL. and Arias, OR. and Yu, LM. and Simon, J.},
year={2015},
title={Multiple imputation to deal with missing EQ-5D-3L data: Should we impute individual domains or the actual index?},
journal={Qual Life Res},
volume={24},
pages={805-815},
}
@article{Powney,
author={Powney, M. and Williamson, P. and Kirkham, J. and Kolarnunnage-Dona, R.},
year={2014},
title={Multiple imputation to deal with missing EQ-5D-3L data: Should we impute individual domains or the actual index?},
journal={Trials},
volume={15},
pages={},
}
@article{Harkanen,
author={Harkanen, T. and Maljanen, T. and Lindfors, O. and Virtala, E. and Knekt, P.},
year={2013},
title={Confounding and missing data in cost-effectiveness analysis: comparing different methods},
journal={Health Economics Review},
volume={3},
pages={},
}
@article{Diaz-Ordaz,
author={Diaz-Ordaz, K. and Kenward, MG. and Grieve, R.},
year={2014},
title={Handling missing values in cost effectiveness analyses that use data from cluster randomized trials},
journal={J.R. Statist. Soc.},
volume={177},
pages={457-474},
}
@article{Mancab,
author={Manca, P. and Palmer, S.},
year={2006},
title={Handling missing values in cost effectiveness analyses that use data from cluster randomized trials},
journal={Appl Health Econ Health Policy},
volume={4},
pages={65-75},
}
@article{Rombach,
author={Rombach, I. and Rivero-Arias, O. and Gray, AM. and Jenkinson, C. and Burke, O.},
year={2016},
title={The current practice of handling and reporting missing outcome
data in eight widely used PROMs in RCT publications: a review
of the current literature},
journal={Qual Life Res},
volume={},
pages={},
}
@article{Richardson,
author={Richardson, G. and Manca, A.},
year={2004},
title={Calculation of quality adjusted life years in the published literature: a review of methodology and transparency},
journal={Health Economics},
volume={13},
pages={1203-1210},
}
@article{Wood,
author={Wood, AM. and White, IR. and Thompson, SG.},
year={2004},
title={Are missing outcome data adequately handled?A review of published randomized controlled trials in major medical journals},
journal={Clinical Trials},
volume={1},
pages={368-376},
}
@article{Marshall,
author={Marshall, A. and Billingham, LJ. and Bryan, S.},
year={2009},
title={Can we afford to ignore missing data in cost-effectiveness
analyses?
},
journal={Eur J Health Econ},
volume={10},
pages={1-3},
}
@article{Buck,
author={Buck, SF.},
year={1960},
title={A method of estimation for missing values in multivariate data suitable
for use with an electronic computer},
journal={Journal of the Royal Statistical Society},
volume={22},
pages={302-306},
}
@article{Faria,
author={Faria, R. and Gomes, M. and Epstein, D. and White, I.R.},
year={2014},
title={A Guide to Handling Missing Data in Cost-Effectiveness Analysis Conducted Within Randomised Controlled Trials
},
journal={PharmacoEconomics},
volume={32},
pages={1157-1170},
}
@article{Schaferb,
author={Schafer, JL. and Graham, JW.},
year={2002},
title={Missing Data: Our View of the State of the Art},
journal={Psychological Methods},
volume={7},
pages={147-177},
}
@article{Masona,
author={Mason, A. and Richardson, S. and Plewis, I. and Best, N.},
year={2012},
title={Strategy for Modelling Nonrandom Missing Data Mechanisms in Observational Studies Using Bayesian Methods},
journal={Journal of Official Statistics},
volume={28},
pages={279-302},
}
@article{Eekhout,
author={Eekhout, I. and de Boer, MR. and Twisk, JWR. and de Vet, HCW. and Heymans, MW.},
year={2012},
title={A Systematic Review of How They Are Reported and Handled},
journal={Epidemiology},
volume={23},
pages={729-732},
}
@article{Rubinb,
author={Rubin, DB.},
year={1976},
title={Inference and Missing Data},
journal={Biometrika},
volume={63},
pages={581-592},
}
@article{Rubinc,
author={Rubin, DB.},
year={1988},
title={An Overview of Multiple Imputation},
journal={Proceedings of the Survey Research Section 
American Statistical Association},
volume={},
pages={79-84},
}
@article{Rubind,
author={Rubin, DB.},
year={1996},
title={Imputation After 18 Years},
journal={Journal of the American Statistical Association},
volume={91},
pages={473-489},
}
@article{Seaman,
author={Seaman, SR. and White, IR.},
year={2011},
title={Review of inverse probability weighting for dealing with missing data},
journal={Statistical Methods in Medical Research},
volume={22},
pages={278-295},
}
@article{Rotnitzky,
author={Rotnitzky, A.},
year={2009},
title={Inverse probability weighted methods},
journal={Longitudinal data analysis},
volume={},
pages={453-476},
}
@article{Tanner,
author={Tanner, MA. and Wong, WH.},
year={1987},
title={The calculation of Posterior Distributions by Data Augmentation},
journal={Journal of the American Statistical Association},
volume={82},
pages={528-550},
}
@article{Schaferc,
author={Schafer, JL. and Yucel, RM.},
year={2002},
title={Computational Strategies for Multivariate
Linear Mixed-Effects Models
With Missing Values},
journal={Journal of Computational and Graphical Statistics},
volume={11},
pages={437-457},
}
@article{Bang,
author={Bang, H. and Robins, JM.},
year={2005},
title={Doubly robust estimation in missing data and causal
inference models},
journal={Biometrics},
volume={61},
pages={962-973},
}
@article{Geman,
author={Geman, S. and Geman, D.},
year={1984},
title={Stochastic Relaxation, Gibbs Distribution, and the Bayesian Restoration of Images},
journal={IEEE Transactions on pattern analysis and machine intelligence},
volume={6},
pages={721-741},
}
@article{Michiels,
author={Michiels, B. and Molenberghs, G. and Lipsitz, SR.},
year={1999},
title={Selection Models and Pattern-Mixture Models for Incomplete Data with Covariates},
journal={Biometrics},
volume={55},
pages={978-983},
}
@article{Diggle,
author={Diggle, P. and Kenward, MG.},
year={1994},
title={Informative Drop-Out in Longitudinal Data Analysis},
journal={Journal of the Royal Statistical Society},
volume={43},
pages={49-93},
}
@article{Masonb,
author={Mason, AJ. and Richardson, S. and Best, N.},
year={2012},
title={Two-pronged Strategy for Using DIC to Compare Selection Models with Non-Ignorable Missing Responses},
journal={Bayesian Analysis},
volume={7},
pages={109-146},
}
@article{Spiegelhalterb,
author={Spiegelhalter, DJ. and Best, NG. and Carlin, BP. and van der Linde, A.},
year={2002},
title={Bayesian measures of model complexity and fit},
journal={Journal of the Royal Statistical Society},
volume={64},
pages={583-639},
}
@article{Diaz-Ordazb,
author={Diaz-Ordaz, K. and Kenward, MG. and Cohen, A. and Coleman, CL. and Eldridge, S.},
year={2014},
title={Are missing data adequately handled in cluster randomised trials? A systematic review and guidelines},
journal={Clinical Trials},
volume={11},
pages={590-600},
}
@article{Hughes,
author={Hughes, D. and Charles, J. and Dawoud, D. and Edwards, RT. and Holmes, E. and Jones, C. and Parham, P. and Plumpton, C. and Ridyard, C. and Lloyd-Williams, H. and Wood, E. and Yeo, ST.},
year={2016},
title={Conducting Economic Evaluations Alongside Randomised Trials:
Current Methodological Issues and Novel Approaches},
journal={PharmacoEconomics},
volume={34},
pages={447-461},
}
@article{Dempster,
author={Dempster, AP. and Laird, LM. and Rubin, DB.},
year={1977},
title={Maximum Likelihood from Incomplete Data via the EM Algorithm},
journal={Journal of the Royal Statistical Society},
volume={39},
pages={1-38},
}
@book{Baioa,
author={Baio,G.},
title={Bayesian Methods in Health Economics},
publisher={Chapman and Hall/CRC},
year={2013},
address={University College London London, UK},
}
@book{VonNeumann,
author={Von Neumann, J. and Morgenstein, O.},
title={Theory of Games and Economic
Behaviour},
publisher={John Wiley and Sons},
year={1953},
address={New York},
}
@book{Rubina,
author={Rubin, DB.},
title={Multiple Imputation for Nonresponse in Surveys},
publisher={John Wiley and Sons},
year={1987},
address={New York,USA},
}
@book{Schafera,
author={Schafer, JL.},
title={Analysis of Incomplete Multivariate Data},
publisher={Chapman and Hall},
year={1997},
address={New York,USA},
}
@book{Daniels,
author={Daniels, MJ. and Hogan, JW.},
title={Missing Data in Longitudinal Studies: Strategies for Bayesian Modeling and Sensitivity Analysis},
publisher={Chapman and Hall},
year={2008},
address={New York},
}
@book{Carpenter,
author={Carpenter, JR. and Kenward, MG.},
title={Multiple Imputation and its Application},
publisher={John Wiley and Sons},
year={2013},
address={Chichester, UK},
}
@book{Molenberghsa,
author={Molenberghs, G. and Kenward, MG.},
title={Missing Data in Clinical Studies},
publisher={John Wiley and Sons},
year={2007},
address={Chichester, UK},
}
@book{Molenberghsb,
author={Molenberghs, G. and Fitzmaurice, G. and Kenward, MG. and Tsiatis, A. and Verbeke, G.},
title={Handbook of Missing Data Methodology},
publisher={Chapman and Hall},
year={2015},
address={Boca Raton, FL},
}
@book{Spiegelhalter,
author={Spiegelhalter, DK. and Abrams, K. and Myles, J.},
title={Bayesian Approaches to Clinical Trials and Health-Care Evaluation},
publisher={John Wiley and Sons},
year={2004},
address={Chichester, UK},
}
@book{Gelman,
author={Gelman, A. and Carlin, J. and Stern, H. and Rubin, D.},
title={Bayesian Data Analysis - 2nd edition},
publisher={Chapman and Hall},
year={2004},
address={New York, NY},
}
@book{Briggsb,
author={Briggs, A. and Sculpher, M. and Claxton, K.},
title={Decision modelling for health economic evaluation},
publisher={OUP},
year={2006},
address={Oxford, UK},
}
@book{McLachlan,
author={McLachlan, G. and Thriyambakam , K.},
title={The EM algorithm and extensions},
publisher={John Wiley and Sons},
year={2007},
address={},
}
@book{Jackman,
author={Jackman, S.},
title={Bayesian analysis for the social sciences},
publisher={John Wiley and Sons},
year={2009},
address={New York, NY},
}
@book{Lee,
author={Lee, P.},
title={Bayesian statistics: an introduction},
publisher={John Wiley and Sons},
year={2012},
address={},
}
@book{Kroese,
author={Kroese, PD. and Taimre, T. and Zdravko, ZI.},
title={Handbook of Monte Carlo Methods},
publisher={John Wiley and Sons},
year={2013},
address={},
}
@book{Brooks,
author={Brooks, S. and Gelman, A. and Jones, G. and Meng, XL.},
title={Handbook of Markov Chain Monte Carlo},
publisher={CRC press},
year={2011},
address={},
}
@book{Berger,
author={Berger, JO.},
title={Statistical decision theory and Bayesian analysis},
publisher={Springer Science and Business Media},
year={2013},
address={},
}
@book{Smith,
author={Smiith, J.},
title={Decision Analysis: A Bayesian approach},
publisher={Chapman and Hall},
year={1988},
address={London, UK},
}
@book{OHagan,
author={O'Hagan, A. and Buck, CE. and Daneshkhah, A. and Eiser, JR. and Garthwaite, PH. and Jenkinson, DJ. and Oakley and Rakow, T.},
title={Uncertain Judgements: Eliciting Experts’ Probabilities},
publisher={John Wiley and Sons},
year={2006},
address={West Sussex, UK},
}
@book{Raiffa,
author={Raiffa, H.},
title={Decision analysis: introductory lectures on choices under uncertainty},
publisher={AddisonWesley},
year={1968},
address={Reading},
}
@book{NICE2004,
author={NICE},
title={Guide to the Methods of Technological Appraisal},
publisher={NICE},
year={2004},
address={London},
}
@book{NICE2008,
author={NICE},
title={Guide to the Methods of Technological Appraisal},
publisher={NICE},
year={2008},
address={London},
}
@book{Drummond,
author={Drummond, MF, and Schulpher, MJ. and Claxton, K. and Stoddart, GL. and Torrance, GW.},
title={Methods for the economic evaluation of health care programmes. 3rd ed},
publisher={Oxford university press},
year={2005},
address={Oxford},
}
@book{Lunn,
author={Lunn, D. and Jackson, C. and Best, N. and Thomas, A. and Spiegelhalter, D.},
title={The BUGS book: A practical introduction to Bayesian analysis},
publisher={CRC press},
year={2012},
address={},
}
@misc{Plummer,
  author = {Plummer, M.},
  title = {{JAGS: Just Another Gibbs Sampler}},
  howpublished = "\url{http://www-fis.iarc.fr/~martyn/software/jags/}",
  year = {2010}, 
}
@misc{Su,
  author = {Su. YS. and Yajima, M.},
  title = {{Package ‘R2jags’}},
  howpublished = "\url{https://cran.r-project.org/web/packages/R2jags/}",
  year = {2015}, 
}
@misc{BCEA,
  author = {Baio, G. and Berardi, A. and Heath, A.},
  title = {{Package ‘BCEA’}},
  howpublished = "\url{https://cran.r-project.org/web/packages/BCEA/}",
  year = {2016}, 
}
@misc{Wickham,
  author = {Wickham, H. and Chang, W.},
  title = {{Package ‘ggplot2’}},
  howpublished = "\url{https://cran.r-project.org/web/packages/ggplot2/}",
  year = {2016}, 
}
@misc{GelmanBUGS,
  author = {Gelman, A. and Sturtz, S. and Ligges, U.},
  title = {{Package ‘R2OpenBUGS’}},
  howpublished = "\url{https://cran.r-project.org/web/packages/R2OpenBUGS/}",
  year = {2017}, 
}
@misc{Auguie,
  author = {Auguie,  B. and Antonov, A.},
  title = {{Package ‘gridExtra’}},
  howpublished = "\url{https://cran.r-project.org/web/packages/gridExtra/}",
  year = {2016}, 
}
@misc{Arnold,
  author = {Arnold,  JB. and Daroczi, G. and Werth, B. and Weitzner B. and Kunst, J. and Auguie, B. and Rudis, B. and Wickham, H.},
  title = {{Package ‘ggthemes’}},
  howpublished = "\url{https://cran.r-project.org/web/packages/ggthemes/}",
  year = {2017}, 
}
@misc{Marin,
  author = {Marin, XF.},
  title = {{Package ‘ggmcmc’}},
  howpublished = "\url{https://cran.r-project.org/web/packages/ggmcmc/}",
  year = {2016}, 
}
@misc{Curtis,
  author = {Curtis, SM. and Goldin, I. and Evangelou, E.},
  title = {{Package ‘mcmcplots’}},
  howpublished = "\url{https://cran.r-project.org/web/packages/mcmcplots/}",
  year = {2015}, 
}